@online{Agenda2023,
author={United Nations, Department of Economic and Social Affairs - Sustainable Development},
title={Transforming our world: the 2030 Agenda for Sustainable Development},
pages={16301},
url={https://sdgs.un.org/2030agenda},
year={2015},
type={General Assembly}
}
@online{UNSDGs,
  author={United Nations, Department of Economic and Social Affairs - Sustainable Development},
  title={UN Sustainable Development Goals},
  year={2020},
  url={https://sdgs.un.org/}
}
@online{JointSDGFund,
  title = {Joint SDG Fund},
  url = {https://www.jointsdgfund.org/es},
  organization = {Joint SDG Fund},
  year = {2023}
}
@online{UNSDGProgressReport,
  title = {Progress Reports on the Sustainable Development Goals},
  url = {https://www.un.org/sustainabledevelopment/es/progress-report/},
  organization = {United Nations},
  year = {2023}
}
@online{McKinseyAI,
  title = {What Is AI?},
  url = {https://www.mckinsey.com/featured-insights/mckinsey-explainers/what-is-ai#/},
  organization = {McKinsey \& Company},
  year = {2023},
  month = {4},
  day = {24},
}
@INPROCEEDINGS{ieeeAI,
  author={Ongsulee, Pariwat},
  booktitle={2017 15th International Conference on ICT and Knowledge Engineering (ICT\&KE)}, 
  title={Artificial intelligence, machine learning and deep learning}, 
  year={2017},
  volume={},
  number={},
  pages={1-6},
  doi={10.1109/ICTKE.2017.8259629}
}
@online{HarvardAIHistory,
  title = {The History of Artificial Intelligence},
  url = {https://sitn.hms.harvard.edu/flash/2017/history-artificial-intelligence/},
  organization = {Harvard University},
  year = {2017},
  month = {8},
  day = {28}
}
@online{DotcsvAtencion,
  title = {¿Qué es un TRANSFORMER? La Red Neuronal que lo cambió TODO!},
  author = {Dot CSV},
  year = {2021},
  month = {9},
  day = {27},
  url = {https://www.youtube.com/watch?v=aL-EmKuB078}
  }
@article{vaswani2017attention,
  title={Attention is all you need},
  author={Vaswani, Ashish and Shazeer, Noam and Parmar, Niki and Uszkoreit, Jakob and Jones, Llion and Gomez, Aidan N and Kaiser, {\L}ukasz and Polosukhin, Illia},
  journal={Advances in neural information processing systems},
  volume={30},
  year={2017}
}
@online{MicrosoftNormalizeData,
  title = {Normalize Data - Azure Machine Learning},
  author = {Blanca Li and Peter Lu and v-chmccl},
  url = {https://learn.microsoft.com/en-us/azure/machine-learning/component-reference/normalize-data?view=azureml-api-2},
  year = {2021},
  month = {11},
  day = {4},
}
@online{TextNormalizationNLP,
  title = {Text Normalization for Natural Language Processing (NLP)},
  author = {Diego Lopez Yse},
  url = {https://towardsdatascience.com/text-normalization-for-natural-language-processing-nlp-70a314bfa646},
  year = {2021},
  month = {2},
  day = {17},
}
@article{text2vec,
  title={Efficient estimation of word representations in vector space},
  author={Mikolov, Tomas and Chen, Kai and Corrado, Greg and Dean, Jeffrey},
  journal={arXiv preprint arXiv:1301.3781},
  year={2013}
}
@online{text2vecTF,
  title={word2vec | Text | Tensorflow},
  author={Tensorflow},
  url={https://www.tensorflow.org/text/tutorials/word2vec},
  year = {2023},
  month = {7},
  day = {29}
}
@inproceedings{LogniearModels,
author = {Blunsom, Phil and Kocik, Krystle and Curran, James R.},
title = {Question Classification with Log-Linear Models},
year = {2006},
isbn = {1595933697},
publisher = {Association for Computing Machinery},
address = {New York, NY, USA},
url = {https://doi.org/10.1145/1148170.1148282},
doi = {10.1145/1148170.1148282},
abstract = {Question classification has become a crucial step in modern question answering systems. Previous work has demonstrated the effectiveness of statistical machine learning approaches to this problem. This paper presents a new approach to building a question classifier using log-linear models. Evidence from a rich and diverse set of syntactic and semantic features is evaluated, as well as approaches which exploit the hierarchical structure of the question classes.},
booktitle = {Proceedings of the 29th Annual International ACM SIGIR Conference on Research and Development in Information Retrieval},
pages = {615-616},
numpages = {2},
keywords = {question classification, maximum entropy, machine learning, question answering},
location = {Seattle, Washington, USA},
series = {SIGIR '06}
}
@online{MultiLabelClassification,
  title = {Multi-Label Image Classification in TensorFlow 2.0},
  author = {Ashref Maiza},
  url = {https://towardsdatascience.com/multi-label-image-classification-in-tensorflow-2-0-7d4cf8a4bc72},
  year = {2019},
  month = {12},
  day = {4},
}
@article{sharma2017activation,
  title={Activation functions in neural networks},
  author={Sharma, Sagar and Sharma, Simone and Athaiya, Anidhya},
  journal={Towards Data Sci},
  volume={4},
  number={12},
  pages={310--316},
  year={2020}
}
@Inbook{Liermann2019,
author="Liermann, Volker
and Li, Sangmeng
and Schaudinnus, Norbert",
editor="Liermann, Volker
and Stegmann, Claus",
title="Deep Learning: An Introduction",
bookTitle="The Impact of Digital Transformation and FinTech on the Finance Professional",
year="2019",
publisher="Springer International Publishing",
address="Cham",
pages="305--340",
abstract="The successful application of deep learning has improved significantly in the last decade. The chapter provides a compact overview of the selected types of neural networks. The deep learning algorithms applied in the use cases in this book are described in more detail here. The chapter concludes with an overview of the common deep learning frameworks and vendor offerings.",
isbn="978-3-030-23719-6",
doi="10.1007/978-3-030-23719-6_17",
url="https://doi.org/10.1007/978-3-030-23719-6_17"
}
@article{NARAYAN199769,
title = {The generalized sigmoid activation function: Competitive supervised learning},
journal = {Information Sciences},
volume = {99},
number = {1},
pages = {69-82},
year = {1997},
issn = {0020-0255},
doi = {https://doi.org/10.1016/S0020-0255(96)00200-9},
url = {https://www.sciencedirect.com/science/article/pii/S0020025596002009},
author = {Sridhar Narayan},
abstract = {Multilayer perceptron (MLP) networks trained using backpropagation are perhaps the most commonly used neural network model. Central to the MLP model is the use of neurons with nonlinear and differentiable activation functions. The most commonly used activation function is a sigmoidal function, and frequently all neurons in an MLP network employ the same activation function. In this paper, we introduce the notion of the generalized sigmoid as an activation function for neurons in the output layer of an MLP network. The enhancements afforded by the use of the generalized sigmoid are analyzed and demonstrated in the context of some well-known classification problems.}
}
@article{zhao2017web,
  title={Web scraping},
  author={Zhao, Bo},
  journal={Encyclopedia of big data},
  volume={1},
  year={2017},
  publisher={Springer Living ed. Cham}
}
@online{EmeritusPythonDataScience,
  title = {Here's Why to Use Python for Data Science},
  author = {Emeritus},
  url = {https://emeritus.org/in/learn/heres-why-use-python-for-data-science/},
  year = {2023},
  month = {May},
  day = {22},
}
@online{CourseReportPythonDataScience,
  title = {How Is Python Used for Data Science?},
  author = {Liz Eggleston},
  url = {https://www.coursereport.com/blog/how-is-python-used-for-data-science-metis},
  year = {2021},
  month = {July},
  day = {19},
}
@InProceedings{SDGmeter,
author={Guisiano, Jade Eva and Chiky, Raja and De Mello, Jonathas},
editor={Nguyen, Ngoc Thanh and Tran, Tien Khoa and Tukayev, Ualsher and Hong, Tzung-Pei and Trawi{\'{n}}ski, Bogdan and Szczerbicki, Edward},
title={SDG-Meter: A Deep Learning Based Tool for Automatic Text Classification of the Sustainable Development Goals},
booktitle="Intelligent Information and Database Systems",
year={2022},
publisher={Springer International Publishing},
address={Cham},
pages={259--271},
abstract={The 17 Sustainable Development Goals (SDGs) are a ``shared blueprint for peace and prosperity for people and the planet, now and into the future''. Since 2015, they help pointing out pathways to solve interlinked challenges being faced globally. The monitoring of SDGs is essential to assess progress and obstacles to realise such shared goals. Streams of SDG-related documents produced by governments, academia, private and public entities are assessed by United Nations teams to measure such progress according to each SDG, requiring labelling to proceed to more in-depth analyses. Such laborious task is usually done by the experts, and rely on personal knowledge of the links between the documents contents and the SDGs. While UNEP has experts in many fields, links to the SDGs that are outside their expertise may be overlooked. In this context, we propose to solve this problem with a multi-label classification of texts using Bidirectional Encoder Representations from Transformers (BERT). Based on this method, we designed the SDG-Meter, an online tool able to indicate to the user in a fully automatic way the SDGs linked to their input text but also to quantify the degree of membership of these SDGs.},
isbn={978-3-031-21743-2}
}
@article{Li2023, 
doi = {10.21105/joss.05124}, 
url = {https://doi.org/10.21105/joss.05124}, 
year = {2023}, 
publisher = {The Open Journal}, 
volume = {8}, 
number = {84}, 
pages = {5124}, 
author = {Yingjie Li and Veronica F. Frans and Yongze Song and Meng Cai and Yuqian Zhang and Jianguo Liu},
title = {SDGdetector: an R-based text mining tool for quantifying efforts toward Sustainable Development Goals}, 
journal = {Journal of Open Source Software} 
} 
@article{OSDG1,
  title={OSDG--Open-Source Approach to Classify Text Data by UN Sustainable Development Goals (SDGs)},
  author={Pukelis, Lukas and Puig, N{\'u}ria Bautista and Skrynik, Mykola and Stanciauskas, Vilius},
  journal={arXiv preprint arXiv:2005.14569},
  year={2020}
}
@article{OSDG2,
  title={OSDG 2.0: a multilingual tool for classifying text data by UN Sustainable Development Goals (SDGs)},
  author={Pukelis, Lukas and Bautista-Puig, Nuria and Statulevi{\v{c}}i{\=u}t{\.e}, Gust{\.e} and Stan{\v{c}}iauskas, Vilius and Dikmener, Gokhan and Akylbekova, Dina},
  journal={arXiv preprint arXiv:2211.11252},
  year={2022}
}
@online{OSDGTool,
  title = {Open Source Data Science Group},
  author = {Open Source Data Science Group},
  url = {https://osdg.ai/},
  year = {2022}
}
@online{UNSDGLinkedSDGs,
  title = {Linked Sustainable Development Goals (SDGs)},
  author = {United Nations Sustainable Development Group},
  url = {https://linkedsdg.officialstatistics.org/#/},
  year = {n.d.}
}

@online{UNSDGAbout,
  title = {About the Linked Sustainable Development Goals (SDGs)},
  author = {{United Nations Sustainable Development Group}},
  url = {https://sustainabledevelopment.un.org/LinkedSDGs/about},
  year = {n.d.}
}
@article{text2sdg1,
  title={Text2sdg: An open-source solution to monitoring sustainable development goals from text},
  author={Meier, SD and Mata, Rui and Wulff, Dirk U},
  journal={arXiv preprint arXiv:2110.05856},
  year={2021}
}
@article{text2sdg2,
  title={text2sdg: An R package to Monitor Sustainable Development Goals from Text},
  author={Meier, Dominik S and Mata, Rui and Wulff, Dirk U},
  journal={arXiv preprint arXiv:2110.05856},
  year={2021}
}
@online{text2sdgWeb,
  title = {Text2SDG: A Multilingual and Multimodal Approach to Improve SDG Monitoring},
  author = {Meier, Dominik S and Mata, Rui and Wulff, Dirk U},
  url = {https://www.text2sdg.io/}
}
@unpublished{upm68099,
           month = {Junio},
            note = {No Publicado},
           title = {Clasificador de textos de acuerdo con los Objetivos de Desarrollo Sostenible usando Procesamiento de Lenguaje Natural},
         address = {Madrid, Espa{\~n}a},
            year = {2021},
          author = {P{\'e}rez {\'A}lvarez, Julen},
             url = {https://oa.upm.es/68099/},
        abstract = {Actualmente, la tecnolog{\'i}a ha penetrado en todas las sociedades y se ha expandido a todos los niveles y en todos los {\'a}mbitos de nuestra vida a gran velocidad. Es un proceso imparable, pues cada vez van apareciendo nuevos avances, aplicaciones y elementos tecnol{\'o}gicos que incentivan a todo tipo de usuarios a hacer uso de ellos, facilitando la comunicaci{\'o}n interpersonal, as{\'i} como un acceso r{\'a}pido y de forma instant{\'a}nea a la informaci{\'o}n. En los {\'u}ltimos a{\~n}os la cantidad de datos e informaci{\'o}n producida y almacenada ha sufrido un crecimiento exponencial impulsado por tecnolog{\'i}as como la nube1 y la facilidad de acceso a internet por la mayor parte de la sociedad, lo que supone un gran avance a la vez que surge un gran reto a la hora de categorizar toda esa informaci{\'o}n y filtrar la que nos interesa. En el a{\~n}o 2015, la Organizaci{\'o}n de Naciones Unidas formulan los Objetivos de Desarrollo Sostenible (En adelante se utilizar{\'a} su acr{\'o}nimo ODS) para sustituir el plan de los Objetivos de Desarrollo del Milenio, que hab{\'i}an entrado en vigor desde el a{\~n}o 2000 y ten{\'i}a fecha de finalizaci{\'o}n en ese mismo a{\~n}o. Los ODS conformaban un plan m{\'a}s ambicioso y actualizado que su predecesor. Este est{\'a} formado por 17 objetivos de desarrollo, los cuales engloban unas 169 metas que dotan a los ODS de prop{\'o}sitos m{\'a}s concretos de alcanzar para el a{\~n}o 2030 con los que pretende reducir las desigualdades en el planeta y fomentar la preservaci{\'o}n del planeta, apostando por la colaboraci{\'o}n entre naciones. Este proyecto surge con la idea de ayudar a identificar qu{\'e} medidas se est{\'a}n tomando en cada uno de los 17 objetivos de cara a alcanzar las metas definidas en el plan de la ONU. El objetivo concreto de este proyecto es desarrollar un modelo que haga uso de tecnolog{\'i}as de an{\'a}lisis avanzado como es el Procesamiento del lenguaje Natural(NPL) y Machine Learning (ML) y que sea capaz de discernir si un texto trata sobre uno de los ODS y en caso afirmativo, que indique a que ODS en concreto pertenece. Desde el punto de vista t{\'e}cnico, el modelo de t{\'o}picos se entrenar{\'a} con un corpus de textos marcados con cada uno de los 17 ODS, la mayor parte de estos textos han sido obtenidos de la p{\'a}gina web de "corresponsables.com"2, haciendo uso de Web Scraping y Web Drivers para automatizar la obtenci{\'o}n de datos. Se ha escogido esta fuente por contener una gran cantidad de textos en castellano sobre el tema en cuesti{\'o}n, por la facilidad a la hora de acceder al contenido sin restricciones y por tener los textos ya clasificados de acuerdo con cada uno de los ODS. El modelo de t{\'o}picos seguir{\'a} el modelo matem{\'a}tico de LDA, el cual es el modelo m{\'a}s utilizado desde el a{\~n}o 2012, con esto se pretende localizar la mezcla de palabras que se asocia con cada t{\'o}pico, en este caso, cada t{\'o}pico ser{\'a} un ODS.---ABSTRACT---Technology has become an integral part of our lives and our society; from the way we communicate to the way we do business. It is an unstoppable trend, as new emerging technologies arise, and users are keen to adopt this new development. Equality, planet conservation and assuring prosperity are fundamental for our future as a society, it is of extreme importance to have a global strategy to tackle this problem and to achieve collaboration among nations. On 2015, the United Nations came up with a 17 point plan to tackle this issue, they were called the "Sustainable Development Goals (SDGs)"and were meant to take over the previews plan "Millennium Development Goals" which was due that year. The SDGS were an update on the previews plan, making it more ambitious, learning from the mistakes of the last plan and building up on its strengths. The SDG?s are made up of 17 objectives, which are themselves divided in smaller goals, making up a total of 169 goals to achieve for 2030. This project comes out of the necessity to identify what measures are been taken by not only the governments but also corporations to ensure the SDGs are a success. The goal of this project is to develop a model that identifies within which SDG a text fits, if any, this will be possible thanks to advances analysis technologies such as Natural language processing (NLP) and Machine Learning (ML). The model Will be trained with 150 texts of each one of the SDG, the texts were obtained with Web Scraping and Web Drivers on the site "corresposables.com". This source was chosen due to the bast number of texts in Spanish specific to the topic, because of the accessibility of this information and most importantly, because the texts were already tagged with a specific SDG. The Topic Model Will be made using the Mathematical model of LDA, which is the most common one since the year 2012, and which will help determine which words are associated with which topic.}
}
@article{matsui2022natural,
  title={A natural language processing model for supporting sustainable development goals: translating semantics, visualizing nexus, and connecting stakeholders},
  author={Matsui, Takanori and Suzuki, Kanoko and Ando, Kyota and Kitai, Yuya and Haga, Chihiro and Masuhara, Naoki and Kawakubo, Shun},
  journal={Sustainability Science},
  volume={17},
  number={3},
  pages={969--985},
  year={2022},
  publisher={Springer}
}
@article{DBLP:journals/corr/abs-2004-03455,
  author       = {Francesco Sovrano and
                  Monica Palmirani and
                  Fabio Vitali},
  title        = {Deep Learning Based Multi-Label Text Classification of {UNGA} Resolutions},
  journal      = {CoRR},
  volume       = {abs/2004.03455},
  year         = {2020},
  url          = {https://arxiv.org/abs/2004.03455},
  eprinttype    = {arXiv},
  eprint       = {2004.03455},
  timestamp    = {Wed, 08 Apr 2020 17:08:25 +0200},
  biburl       = {https://dblp.org/rec/journals/corr/abs-2004-03455.bib},
  bibsource    = {dblp computer science bibliography, https://dblp.org}
}
@article{vasquez2009procesamiento,
  title={Procesamiento de lenguaje natural},
  author={V{\'a}squez, Augusto Cortez and Quispe, Jaime Pariona and Huayna, Ana Maria and others},
  journal={Revista de investigaci{\'o}n de Sistemas e Inform{\'a}tica},
  volume={6},
  number={2},
  pages={45--54},
  year={2009}
}
@online{StanfordSLP3,
  title = {Speech and Language Processing (3rd edition)},
  author = {Dan Jurafsky and James H. Martin},
  url = {https://web.stanford.edu/~jurafsky/slp3/},
  year = {2023},
  month = {January},
  day = {7},
}

@ARTICLE{validationtexts1,
	author = {Martens, Nele and Hindori-Mohangoo, Ashna D. and Hindori, Manodj P. and Damme, Astrid Van and Beeckman, Katrien and Reis, Ria and Crone, Mathilde R. and van der Kleij, Rianne Rmjj},
	title = {Anticipated benefits and challenges of implementing group care in Suriname’s maternity and child care sector: a contextual analysis},
	year = {2023},
	journal = {BMC Pregnancy and Childbirth},
	volume = {23},
	number = {1},
	doi = {10.1186/s12884-023-05904-y},
	url = {https://www.scopus.com/inward/record.uri?eid=2-s2.0-85168388230&doi=10.1186%2fs12884-023-05904-y&partnerID=40&md5=44677dab64bb6534dff72f8fa4611265},
	type = {Article},
	publication_stage = {Final},
	source = {Scopus},
	note = {Cited by: 0; All Open Access, Gold Open Access}
}

@BOOK{validationtexts2,
	author = {Nneka, Joe-Ikechebelu Ngozi and Oyilieze, Akanwa Angela and David, Akanwa Chimezie and Jane, Okafor Kenebechukwu and Keyna, Dike and Iko-Ojo, Idakwo Victor and Aideniosa, Omoruyi Fredrick and Friday, Nkwocha Kelechi and Chinelo, Enwereuzo Angela and Marian, Umeh Uche and Okwudili, Ogbuehi Emmanuel and Obioma, Agu Helen},
	title = {Deforestation activities in ezekoro forest: Implications for climate change risks in Anambra state, southeast Nigeria},
	year = {2024},
	journal = {Land and Environmental Management through Forestry},
	pages = {47 – 75},
	doi = {10.1002/9781119910527.ch3},
	url = {https://www.scopus.com/inward/record.uri?eid=2-s2.0-85165064040&doi=10.1002%2f9781119910527.ch3&partnerID=40&md5=54ca6693a112d0c2d274bed31f87e7f2},
	type = {Book chapter},
	publication_stage = {Final},
	source = {Scopus},
	note = {Cited by: 0}
}

@ARTICLE{validationtexts3,
	author = {Hanbury, Andria and Mafirakureva, Nyasha and Chicken, Nicola and Bailey, Liam},
	title = {Evaluating change in a pressured healthcare system: a cross-sectional study of implementation outcomes using routine data indicators and proxies},
	year = {2023},
	journal = {Implementation Science Communications},
	volume = {4},
	number = {1},
	doi = {10.1186/s43058-023-00471-x},
	url = {https://www.scopus.com/inward/record.uri?eid=2-s2.0-85168337946&doi=10.1186%2fs43058-023-00471-x&partnerID=40&md5=eb575908c8abcd7689d4a0648c7a6cf5},
	type = {Article},
	publication_stage = {Final},
	source = {Scopus},
	note = {Cited by: 0; All Open Access, Gold Open Access}
}

@BOOK{validationtexts4,
	author = {Gupta, Prerna and Chhikara, Navnidhi and Panghal, Anil},
	title = {Harvesting food from weeds},
	year = {2024},
	journal = {Harvesting Food from Weeds},
	pages = {1 – 427},
	doi = {10.1002/9781119793007},
	url = {https://www.scopus.com/inward/record.uri?eid=2-s2.0-85166078921&doi=10.1002%2f9781119793007&partnerID=40&md5=c9daf74a346fb20fd8f838f0c89e108a},
	type = {Book},
	publication_stage = {Final},
	source = {Scopus},
	note = {Cited by: 0}
}

@ARTICLE{validationtexts5,
	author = {Farooq, Umar and Wen, Jun and Tabash, Mosab I. and Fadoul, Modawi},
	title = {Environmental regulations and capital investment: Does green innovation allow to grow?},
	year = {2024},
	journal = {International Review of Economics and Finance},
	volume = {89},
	pages = {878 – 893},
	doi = {10.1016/j.iref.2023.08.010},
	url = {https://www.scopus.com/inward/record.uri?eid=2-s2.0-85168481672&doi=10.1016%2fj.iref.2023.08.010&partnerID=40&md5=e40a47b0d620677ec8f73fef3d529391},
	type = {Article},
	publication_stage = {Final},
	source = {Scopus},
	note = {Cited by: 0}
}

@ARTICLE{validationtexts6,
	author = {Sen, Indira and Quercia, Daniele and Capra, Licia and Montecchi, Matteo and Šćepanović, Sanja},
	title = {Insider stories: analyzing internal sustainability efforts of major US companies from online reviews},
	year = {2023},
	journal = {Humanities and Social Sciences Communications},
	volume = {10},
	number = {1},
	doi = {10.1057/s41599-023-01672-4},
	url = {https://www.scopus.com/inward/record.uri?eid=2-s2.0-85161422740&doi=10.1057%2fs41599-023-01672-4&partnerID=40&md5=2c82322db611a5b27394285d78daf898},
	type = {Article},
	publication_stage = {Final},
	source = {Scopus},
	note = {Cited by: 0; All Open Access, Gold Open Access, Green Open Access}
}

@ARTICLE{validationtexts7,
	author = {Onukwugha, F. and Dyson, J. and Howlett, H. and Combe, K. and Catterick, M. and Cohen, J. and Smith, L.},
	title = {Reflections of maternity service users and midwives' on the co-creation of interventions to support midwives addressing alcohol during antenatal care},
	year = {2023},
	journal = {Patient Education and Counseling},
	volume = {115},
	doi = {10.1016/j.pec.2023.107896},
	url = {https://www.scopus.com/inward/record.uri?eid=2-s2.0-85166268412&doi=10.1016%2fj.pec.2023.107896&partnerID=40&md5=266b2522ce377c26581901caafa24934},
	type = {Article},
	publication_stage = {Final},
	source = {Scopus},
	note = {Cited by: 0}
}

@ARTICLE{validationtexts8,
	author = {Yasmin, Farhana and Khan, Mustafa and Peng, Qingjin},
	title = {Optimization of Processing Parameters for 3D Printed Product Using Taguchi Method},
	year = {2024},
	journal = {Computer-Aided Design and Applications},
	volume = {21},
	number = {2},
	pages = {281 – 300},
	doi = {10.14733/cadaps.2024.281-300},
	url = {https://www.scopus.com/inward/record.uri?eid=2-s2.0-85168250976&doi=10.14733%2fcadaps.2024.281-300&partnerID=40&md5=de980461375dbeee73d9386625ef9b18},
	type = {Article},
	publication_stage = {Final},
	source = {Scopus},
	note = {Cited by: 0; All Open Access, Bronze Open Access}
}

@BOOK{validationtexts9,
	author = {Kripalakshmi, T. and Deepa, T.},
	title = {Design of DC-DC converters for electric vehicle wireless charging energy storage system},
	year = {2024},
	journal = {Power Converters, Drives and Controls for Sustainable Operations},
	pages = {127 – 147},
	doi = {10.1002/9781119792918.ch4},
	url = {https://www.scopus.com/inward/record.uri?eid=2-s2.0-85164855391&doi=10.1002%2f9781119792918.ch4&partnerID=40&md5=0d59703ff2a70f91df528cdc7f6a9168},
	type = {Book chapter},
	publication_stage = {Final},
	source = {Scopus},
	note = {Cited by: 0}
}

@ARTICLE{validationtexts10,
	author = {Fartout Enayat, Fatemeh and Asgharipour, Mohammad Reza},
	title = {Exploring and predicting the biocapacity of various fish farming systems based on modified emergy footprint accounting in the Sistan region of Iran},
	year = {2023},
	journal = {Science of the Total Environment},
	volume = {904},
	doi = {10.1016/j.scitotenv.2023.166195},
	url = {https://www.scopus.com/inward/record.uri?eid=2-s2.0-85168420587&doi=10.1016%2fj.scitotenv.2023.166195&partnerID=40&md5=4fd7ef1da6eae42ff66ff722ac878117},
	type = {Article},
	publication_stage = {Final},
	source = {Scopus},
	note = {Cited by: 0}
}

@online{UNDPHomepage,
  title = {United Nations Development Programme},
  url = {https://www.undp.org/},
  year = {n.d.}
}

@online{IISDHomepage,
  title = "SDG Portal",
  author = "International Institute for Sustainable Development (IISD)",
  url = "https://sdg.iisd.org/",
  year = "n.d."
}

@misc{SDGQueries,
  title = {Scientific Publications on Sustainable Development},
  author = {Gabor Schubert, Stockholm University Library},
  howpublished = {\url{https://www.su.se/polopoly_fs/1.530251.1607009534!/menu/standard/file/sdg-publikationer-2010-2019_gabor_rev3.pdf}},
  year = {2020},
}

@online{VOSViewer,
  title = {VOSviewer: Visualizing Scientific Landscapes},
  author = {{Leiden University}},
  url = {https://www.vosviewer.com/},
  year = {2023},
  month = {January},
  day = {23},
}

@misc{ignacioaguileratfg,
  author = {Ignacio Aguilera},
  title = {{TFG}},
  year = {2023},
  howpublished = {\url{https://github.com/IgnacioAguileraUC3M/TFG}}
}


@online{BOE1,
  title = {{Ley Orgánica 3/2018, de 5 de diciembre, de Protección de Datos Personales y garantía de los derechos digitales}},
  author = {{Boletín Oficial del Estado}},
  year = {2018},
  url = {https://www.boe.es/buscar/act.php?id=BOE-A-2018-16673},
}

@online{BOE2,
  title = {Real Decreto Legislativo 1/1996, de 12 de abril, por el que se aprueba el texto refundido de la Ley de Propiedad Intelectual, regularizando, aclarando y armonizando las disposiciones legales vigentes sobre la materia.},
  author = {{Boletín Oficial del Estado}},
  year = {1996},
  url = {https://www.boe.es/buscar/act.php?id=BOE-A-1996-8930},
}

@online{EU1,
  title = {{Directiva (UE) 2019/790 del Parlamento Europeo y del Consejo, de 17 de abril de 2019, sobre los derechos de autor y derechos afines en el mercado único digital y por la que se modifican las Directivas 96/9/CE y 2001/29/CE (Texto pertinente a efectos del EEE.)}},
  author = {{Parlamento Europeo y Consejo de la Unión Europea}},
  year = {2019},
  url = {https://www.boe.es/doue/2019/130/L00092-00125.pdf},
}

@online{EU2,
  title = {DIRECTIVA 2004/48/CE DEL PARLAMENTO EUROPEO Y DEL CONSEJO de 29 de abril de 2004 relativa al respeto de los derechos de propiedad intelectual (Texto pertinente a efectos del EEE)},
  author = {{Parlamento Europeo y Consejo de la Unión Europea}},
  year = {2004},
  url = {https://www.boe.es/doue/2004/195/L00016-00025.pdf},
}

@online{EU3,
  title = {Directiva 2011/77/UE del Parlamento Europeo y del Consejo, de 27 de septiembre de 2011 , por la que se modifica la Directiva 2006/116/CE relativa al plazo de protección del derecho de autor y de determinados derechos afines},
  author = {{Parlamento Europeo y Consejo de la Unión Europea}},
  year = {2011},
  url = {https://www.boe.es/doue/2011/265/L00001-00005.pdf},
}

@misc{devlin2019bert,
      title={BERT: Pre-training of Deep Bidirectional Transformers for Language Understanding}, 
      author={Jacob Devlin and Ming-Wei Chang and Kenton Lee and Kristina Toutanova},
      year={2019},
      eprint={1810.04805},
      archivePrefix={arXiv},
      primaryClass={cs.CL}
}